<?xml version="1.0" encoding="UTF-8"?>
<record xmlns="http://www.loc.gov/MARC21/slim" xmlns:xsi="http://www.w3.org/2001/XMLSchema-instance" xsi:schemaLocation="http://www.loc.gov/MARC21/slim http://www.loc.gov/standards/marcxml/schema/MARC21slim.xsd">
<leader>00000cam a2200313   4500</leader>
<controlfield tag="001">002060912</controlfield>
<controlfield tag="003">NNU</controlfield>
<controlfield tag="005">20140820165735.0</controlfield>
<controlfield tag="008">930319t19531958sy h          000 0 arar</controlfield>
<datafield tag="010" ind1=" " ind2=" ">
<subfield code="a">ne 65002042</subfield>
</datafield>
<datafield tag="035" ind1="9" ind2=" ">
<subfield code="a">NYUb11014505</subfield>
</datafield>
<datafield tag="035" ind1=" " ind2=" ">
<subfield code="a">(CStRLIN)NYUG93-B11344</subfield>
</datafield>
<datafield tag="040" ind1=" " ind2=" ">
<subfield code="a">PU</subfield>
<subfield code="c">PSt</subfield>
<subfield code="d">NNU</subfield>
</datafield>
<datafield tag="050" ind1="0" ind2=" ">
<subfield code="a">DS51.A3</subfield>
<subfield code="b">I25 1958</subfield>
</datafield>
<datafield tag="066" ind1=" " ind2=" ">
<subfield code="c">(3</subfield>
</datafield>
<datafield tag="090" ind1=" " ind2=" ">
<subfield code="a">DS99.A56</subfield>
<subfield code="b">I34 1958</subfield>
</datafield>
<datafield tag="100" ind1="1" ind2=" ">
<subfield code="6">880-01</subfield>
<subfield code="a">Ibn Shaddād, Muḥammad ibn ʻAlī,</subfield>
<subfield code="d">1217-1285.</subfield>
</datafield>
<datafield tag="245" ind1="1" ind2="3">
<subfield code="6">880-02</subfield>
<subfield code="a">al-Aʻlāq al-khaṭīrah fī dhikr umarāʼ al-Shām wa-al-Jazīrah</subfield>
<subfield code="p">al-Juzʼ al-awwal, al-qism al-awwal.</subfield>
<subfield code="c">Taʼlīf ʻIzz al-Dīn kAbī ʻAbd Allāh Muḥammad ibn ʻAlī ibn Ibrāhīm Ibn Shaddād. ʻUniya bi-nashrihi wa-taḥqīqihi Dūmīnīk Sūrdīl.</subfield>
</datafield>
<datafield tag="260" ind1=" " ind2=" ">
<subfield code="6">880-03</subfield>
<subfield code="a">Dimashq,</subfield>
<subfield code="b">al-Maʻhad al-Faransī bi-Dimashq lil-Dirāsāt al-ʻArabīyah</subfield>
<subfield code="c">1953 [i. e. 1958].</subfield>
</datafield>
<datafield tag="300" ind1=" " ind2=" ">
<subfield code="a">231, xxxii p.</subfield>
<subfield code="b">facsims.</subfield>
<subfield code="c">25 cm.</subfield>
</datafield>
<datafield tag="500" ind1=" " ind2=" ">
<subfield code="a">Added t. p.: La description d'Alep d'Ibn Šaddād, éd. critique d'al-Aʻlāq al-ḫaṭīra, tome I, section I.</subfield>
</datafield>
<datafield tag="500" ind1=" " ind2=" ">
<subfield code="a">Introd. and summary in French.</subfield>
</datafield>
<datafield tag="651" ind1=" " ind2="0">
<subfield code="a">Aleppo (Syria)</subfield>
<subfield code="x">Description and travel.</subfield>
</datafield>
<datafield tag="700" ind1="1" ind2=" ">
<subfield code="a">Sourdel, Dominique.</subfield>
</datafield>
<datafield tag="740" ind1="0" ind2=" ">
<subfield code="a">Description d'ALep d'Ibn Šaddād.</subfield>
</datafield>
<datafield tag="880" ind1="0" ind2=" ">
<subfield code="6">100-01/</subfield>
<subfield code="a">عز الدين أبي عبد الله محمد بن اراهيم ابن شداد.</subfield>
</datafield>
<datafield tag="880" ind1="1" ind2="2">
<subfield code="6">245-02/</subfield>
<subfield code="a">الاعلاق الخطيرة في ذكر امراء الشام والجزيرة.</subfield>
<subfield code="p">الحزء الاول، القسم الاولز</subfield>
<subfield code="c">تأليف عز الدين أبي عبد الله محمد بن ابراهيم ابن شداد. عني بنشره وتحقيق دومينيك سورديل.</subfield>
</datafield>
<datafield tag="880" ind1=" " ind2=" ">
<subfield code="6">260-03/</subfield>
<subfield code="a">دمشق،</subfield>
<subfield code="b">المعهد الفرنسي بدمشق للدراسات العربية</subfield>
<subfield code="c">١٩٥٣ [i.e. 1958]</subfield>
</datafield>
<datafield tag="OWN" ind1=" " ind2=" ">
<subfield code="a">GENERAL</subfield>
</datafield>
<datafield tag="903" ind1=" " ind2=" ">
<subfield code="a">OLD</subfield>
</datafield>
<datafield tag="998" ind1=" " ind2=" ">
<subfield code="a">20000209</subfield>
<subfield code="d">19930319</subfield>
<subfield code="d">20000209</subfield>
<subfield code="n">NNU</subfield>
<subfield code="s">1</subfield>
<subfield code="t">c</subfield>
<subfield code="z">e</subfield>
</datafield>
<datafield tag="AVA" ind1=" " ind2=" ">
<subfield code="a">NYU50</subfield>
<subfield code="b">BOBST</subfield>
<subfield code="c">Main Collection</subfield>
<subfield code="d">DS99.A56 I34 1958</subfield>
<subfield code="e">unavailable</subfield>
<subfield code="t">Unavailable</subfield>
<subfield code="f">1</subfield>
<subfield code="g">1</subfield>
<subfield code="h">N</subfield>
<subfield code="i">3</subfield>
<subfield code="j">MAIN</subfield>
<subfield code="k">0</subfield>
</datafield>
</record>
